@misc{ypr,
  title = {Yaw Pitch Roll Image},
  howpublished = {\url{http://espygolfapp.com/game-management-how-to-get-better-at-golf/how-to-use-the-golf-team-coaching-app/techniques-of-the-golf-team-coaching-app/yaw-pitch-roll-image/}},
  note = {Revisado el: 2019-02-15}
}

@misc{raspbian,
  title = {Download Raspbian for Raspberry Pi},
  howpublished = {\url{https://www.raspberrypi.org/downloads/raspbian/}},
  note = {Revisado el: 2019-02-15}
}

@misc{rosserial,
  title = {rosserial},
  howpublished = {\url{http://wiki.ros.org/rosserial}},
  note = {Revisado el: 2019-02-15}
}


@misc{rosserialarduino,
  title = {rosserial\textunderscore arduino},
  howpublished = {\url{http://wiki.ros.org/rosserial_arduino}},
  note = {Revisado el: 2019-02-15}
}


@misc{rosbridge,
  title = {rosbridge\textunderscore suite},
  howpublished = {\url{http://wiki.ros.org/rosbridge_suite}},
  note = {Revisado el: 2019-02-15}
}
